<record><leader>00000cas a2200000 a 4500</leader><controlfield tag="001">15500891</controlfield><controlfield tag="008">870408d18691890msuwr ne      0    0eng d</controlfield><datafield ind1=" " ind2=" " tag="010"><subfield code="a">sn 87065644 </subfield></datafield><datafield ind1=" " ind2=" " tag="040"><subfield code="a">MPC</subfield><subfield code="b">eng</subfield><subfield code="c">MPC</subfield><subfield code="d">MSJ</subfield><subfield code="d">KNP</subfield><subfield code="d">OCL</subfield><subfield code="d">OCLCQ</subfield></datafield><datafield ind1=" " ind2=" " tag="042"><subfield code="a">msc</subfield></datafield><datafield ind1="0" ind2="0" tag="245"><subfield code="a">Winona advance.</subfield></datafield><datafield ind1=" " ind2=" " tag="260"><subfield code="a">Winona, Miss. :</subfield><subfield code="b">B.F. Jones</subfield></datafield><datafield ind1=" " ind2=" " tag="300"><subfield code="a">v.</subfield></datafield><datafield ind1=" " ind2=" " tag="310"><subfield code="a">Weekly</subfield></datafield><datafield ind1="1" ind2=" " tag="362"><subfield code="a">Began in 1869; ceased in Sept. 1890.</subfield></datafield><datafield ind1=" " ind2=" " tag="550"><subfield code="a">Some issues published by Jones and Hurt.</subfield></datafield><datafield ind1=" " ind2=" " tag="588"><subfield code="a">Description based on: Vol. 12, no. 12 (Mar. 4, 1881).</subfield></datafield><datafield ind1=" " ind2="4" tag="651"><subfield code="a">Winona (Miss.)</subfield><subfield code="v">Newspapers.</subfield></datafield><datafield ind1=" " ind2=" " tag="752"><subfield code="a">United States</subfield><subfield code="b">Mississippi</subfield><subfield code="c">Montgomery</subfield><subfield code="d">Winona.</subfield></datafield><datafield ind1="1" ind2=" " tag="029"><subfield code="a">AU@</subfield><subfield code="b">000020474635</subfield></datafield></record>